@article{athanasiou2017rehabilitation,
  author       = {Athanasiou, Alkinoos and Xygonakis, Ioannis and Pandria, Niki and Kartsidis, Panagiotis and Arfaras, George et al.},
  title        = {Towards Rehabilitation Robotics: Off-the-Shelf BCI Control of Anthropomorphic Robotic Arms},
  journal      = {BioMed Research International},
  year         = {2017},
  volume       = {2017},
  pages        = {1--17},
  issn         = {2314-6133},
  url          = {https://doi.org/10.1155/2017/5708937},
  note         = {[cit. 2024-02-25]},
}
@article{AI2023obrazovky,
  author    = {Jikun Ai and Jianjun Meng and Ximing Mai and Xiangyang Zhu},
  title     = {{BCI} Control of a Robotic Arm Based on {SSVEP} With Moving Stimuli for Reach and Grasp Tasks},
  journal   = {IEEE Journal of Biomedical and Health Informatics},
  year      = {2023},
  volume    = {27},
  number    = {8},
  pages     = {3818--3829},
  issn      = {2168-2194},
  url       = {https://doi.org/10.1109/JBHI.2023.3277612},
  note      = {[cit. 2024-02-25]}
}
@online{zhou2023shared,
  author = {Zhou, Yajun and Yu, Tianyou and Gao, Wei and Huang, Weichen and Lu, Zilin and et al.},
  title = {Shared Three-Dimensional Robotic Arm Control Based on Asynchronous BCI and Computer Vision},
  journal = {IEEE Transactions on Neural Systems and Rehabilitation Engineering},
  year = {2023},
  volume = {31},
  pages = {3163-3175},
  issn = {1534-4320},
  url = {https://doi.org/10.1109/TNSRE.2023.3299350},
  note = {Dostupné z: \url{https://doi.org/10.1109/TNSRE.2023.3299350}},
  urldate = {2024-02-25},
}
@online{handshake,
  author = {Qamar Ul Islam},
  title = {Brain Computer Interfaces - BCI and Robotics: A User Friendly Handshake},
  year = {2021},
  pages = {26},
  url = {https://www.linkedin.com/pulse/brain-computer-interfaces-bci-robotics-user-qamar-ul-islam/},
  note = {Dostupné z: \url{https://www.linkedin.com/pulse/brain-computer-interfaces-bci-robotics-user-qamar-ul-islam/}},
  urldate = {2024-02-25},
}
@Article{s22135000,
AUTHOR = {Quiles, Eduardo and Dadone, Javier and Chio, Nayibe and García, Emilio},
TITLE = {Cross-Platform Implementation of an SSVEP-Based BCI for the Control of a 6-DOF Robotic Arm},
JOURNAL = {Sensors},
VOLUME = {22},
YEAR = {2022},
NUMBER = {13},
ARTICLE-NUMBER = {5000},
URL = {https://www.mdpi.com/1424-8220/22/13/5000},
PubMedID = {35808498},
ISSN = {1424-8220},
DOI = {10.3390/s22135000}
}
@inbook{inbook,
author = {Vallabhaneni, Anirudh and Wang, Tao and He, Bin},
year = {1970},
month = {01},
pages = {85-121},
title = {Brain—Computer Interface},
isbn = {978-0-306-48609-8},
doi = {10.1007/0-306-48610-5_3}
}
@inbook{inbook2,
author = {Pal, Debrupa and Palit, Sujoy and Dey, Anilesh},
year = {2021},
month = {10},
pages = {25-35},
title = {Brain Computer Interface: A Review},
isbn = {978-981-16-4034-6},
doi = {10.1007/978-981-16-4035-3_3}
}
@article{article,
author = {Anwar, Al-Mofleh and Alseddiqi, Mohamed and Albalooshi, Leena and Najam, Osama and Alheddi, Abdulla and Alshaimi, Ahmed},
year = {2023},
month = {06},
pages = {},
title = {Brain Computer Interfaces: The Future of Communication Between the Brain and the External World},
doi = {10.54327/set2023/v3.i2.84}
}
@Article{s23136001obrazekmozkusesenzory,
AUTHOR = {Peksa, Janis and Mamchur, Dmytro},
TITLE = {State-of-the-Art on Brain-Computer Interface Technology},
JOURNAL = {Sensors},
VOLUME = {23},
YEAR = {2023},
NUMBER = {13},
ARTICLE-NUMBER = {6001},
URL = {https://www.mdpi.com/1424-8220/23/13/6001},
PubMedID = {37447849},
ISSN = {1424-8220},
DOI = {10.3390/s23136001}
}
@article{article2,
author = {Rezvani, Sanaz and Hosseini-Zahraei, s. Hooman and Tootchi, Amirreza and Guger, Christoph and Chaibakhsh, Yasmin and Saberi, Alia and Chaibakhsh, Ali},
year = {2023},
month = {08},
pages = {},
title = {A Review on the Performance of Brain-Computer Interface Systems Used for Patients with Locked-in and Completely Locked-in Syndrome},
journal = {Cognitive Neurodynamics},
doi = {10.1007/s11571-023-09995-3}
}
@article{article3,
author = {Khuntia, Preetam and P.V., Manivannan},
year = {2023},
month = {09},
pages = {},
title = {Review of Neural Interfaces: Means for Establishing Brain–Machine Communication},
volume = {4},
journal = {SN Computer Science},
doi = {10.1007/s42979-023-02160-x}
}
@article{article4,
author = {Rezeika, Aya and Benda, Mihály and Stawicki, Piotr and Gembler, Felix and Sa, Ab and Volosyak, Ivan},
year = {2018},
month = {03},
pages = {57},
title = {Brain–Computer Interface Spellers: A Review},
volume = {8},
journal = {Brain Sciences},
doi = {10.3390/brainsci8040057}
}


